@inproceedings{Radev2021DARTOS,
  author    = {Dragomir Radev and Rui Zhang and Amrit Rau and Abhinand Sivaprasad and Chia-Hsuan Hsieh and Nazneen Rajani and Xiangru Tang and Aadit Vyas and Neha Verma and Pranav Krishna and Yangxiaokang Liu and Nadia Irwanto and Jessica Pan and Faiaz Rahman and Ahmad Zaidi and Murori Mutuma and Yasin Tarabar and Ankit Gupta and Tao Yu and Yi Chern Tan and Xi Victoria Lin and Caiming Xiong and Richard Socher},
  booktitle = {NAACL},
  title     = {DART: Open-Domain Structured Data Record to Text Generation},
  year      = {2021}
}